<record><leader>00000cas a22000007a 4500</leader><controlfield tag="001">14341219</controlfield><controlfield tag="008">861003u1923uuuutxuwr ne      0    0eng d</controlfield><datafield ind1=" " ind2=" " tag="010"><subfield code="a">sn 86089551 </subfield></datafield><datafield ind1=" " ind2=" " tag="040"><subfield code="a">PPM</subfield><subfield code="b">eng</subfield><subfield code="c">PPM</subfield><subfield code="d">OCLCQ</subfield><subfield code="d">SNC</subfield><subfield code="d">OCLCO</subfield><subfield code="d">OCLCF</subfield><subfield code="d">OCLCA</subfield><subfield code="d">OCL</subfield></datafield><datafield ind1=" " ind2=" " tag="042"><subfield code="a">msc</subfield></datafield><datafield ind1="0" ind2="4" tag="082"><subfield code="a">976.4</subfield></datafield><datafield ind1="0" ind2=" " tag="130"><subfield code="a">American forum (San Antonio, Tex.: 1923)</subfield></datafield><datafield ind1="1" ind2="4" tag="245"><subfield code="a">The American forum.</subfield></datafield><datafield ind1=" " ind2=" " tag="260"><subfield code="a">San Antonio, Tex. :</subfield><subfield code="b">American Forum Pub. Co.</subfield></datafield><datafield ind1=" " ind2=" " tag="300"><subfield code="a">v. :</subfield><subfield code="b">ill. ;</subfield><subfield code="c">61 cm.</subfield></datafield><datafield ind1=" " ind2=" " tag="310"><subfield code="a">Weekly</subfield></datafield><datafield ind1="1" ind2=" " tag="362"><subfield code="a">Began in 1923?</subfield></datafield><datafield ind1=" " ind2=" " tag="500"><subfield code="a">"Recognized by the Great Titans as the Klan Paper for Provinces Four and Five, Realm of Texas, Knights of the Ku Klux Klan."</subfield></datafield><datafield ind1=" " ind2=" " tag="588"><subfield code="a">Description based on: Vol. 25, no. 3 (Feb. 24, 1923).</subfield></datafield><datafield ind1="2" ind2="0" tag="610"><subfield code="a">Ku Klux Klan (1915- )</subfield><subfield code="v">Periodicals.</subfield></datafield><datafield ind1="2" ind2="7" tag="610"><subfield code="a">Ku Klux Klan (1915- )</subfield><subfield code="2">fast</subfield><subfield code="0">(OCoLC)fst00545624</subfield></datafield><datafield ind1=" " ind2="7" tag="655"><subfield code="a">Periodicals.</subfield><subfield code="2">fast</subfield><subfield code="0">(OCoLC)fst01411641</subfield></datafield><datafield ind1=" " ind2=" " tag="752"><subfield code="a">United States</subfield><subfield code="b">Texas</subfield><subfield code="c">Bexar</subfield><subfield code="d">San Antonio.</subfield></datafield><datafield ind1="0" ind2="0" tag="780"><subfield code="t">K. Lamity's harpoon</subfield></datafield><datafield ind1="1" ind2=" " tag="029"><subfield code="a">AU@</subfield><subfield code="b">000025840681</subfield></datafield></record>